@inproceedings{Petrovic:2010,
 author = {Petrovi\'{c}, Sa\v{s}a and Osborne, Miles and Lavrenko, Victor},
 title = {Streaming first story detection with application to Twitter},
 booktitle = {Human Language Technologies: The 2010 Annual Conference of the North American Chapter of the Association for Computational Linguistics},
 series = {HLT '10},
 year = {2010},
 isbn = {1-932432-65-5},
 location = {Los Angeles, California},
 pages = {181--189},
 numpages = {9},
 url = {http://dl.acm.org/citation.cfm?id=1857999.1858020},
 acmid = {1858020},
 publisher = {Association for Computational Linguistics},
 address = {Stroudsburg, PA, USA}
} 

@INPROCEEDINGS{5693297, 
author={Neumeyer, L. and Robbins, B. and Nair, A. and Kesari, A.}, 
booktitle={Data Mining Workshops (ICDMW), 2010 IEEE International Conference on}, 
title={S4: Distributed Stream Computing Platform}, 
year={2010}, 
month={dec.}, 
volume={}, 
number={}, 
pages={170 -177}, 
keywords={S4 architecture;actors programming model;complex event processing;data events;data mining;distributed stream computing;encapsulation;location transparency;machine learning;processing elements;programming interface;semantics;simple scalable streaming system;data encapsulation;data mining;distributed processing;learning (artificial intelligence);media streaming;query processing;search engines;}, 
doi={10.1109/ICDMW.2010.172}, 
ISSN={}
}

@inproceedings{Yang:1998:SRO:290941.290953,
 author = {Yang, Yiming and Pierce, Tom and Carbonell, Jaime},
 title = {A study of retrospective and on-line event detection},
 booktitle = {Proceedings of the 21st annual international ACM SIGIR conference on Research and development in information retrieval},
 series = {SIGIR '98},
 year = {1998},
 isbn = {1-58113-015-5},
 location = {Melbourne, Australia},
 pages = {28--36},
 numpages = {9},
 url = {http://doi.acm.org/10.1145/290941.290953},
 doi = {10.1145/290941.290953},
 acmid = {290953},
 publisher = {ACM},
 address = {New York, NY, USA}
} 

@inproceedings{Nallapati:2004:ETW:1031171.1031258,
 author = {Nallapati, Ramesh and Feng, Ao and Peng, Fuchun and Allan, James},
 title = {Event threading within news topics},
 booktitle = {Proceedings of the thirteenth ACM international conference on Information and knowledge management},
 series = {CIKM '04},
 year = {2004},
 isbn = {1-58113-874-1},
 location = {Washington, D.C., USA},
 pages = {446--453},
 numpages = {8},
 url = {http://doi.acm.org/10.1145/1031171.1031258},
 doi = {10.1145/1031171.1031258},
 acmid = {1031258},
 publisher = {ACM},
 address = {New York, NY, USA},
 keywords = {clustering, dependency, event, threading}
} 

@book{Allan:2002:TDT:772260,
 editor = {Allan, James},
 title = {Topic detection and tracking: event-based information organization},
 year = {2002},
 isbn = {0-7923-7664-1},
 publisher = {Kluwer Academic Publishers},
 address = {Norwell, MA, USA}
} 


@book{212975,
    abstract = {**{KEY} {BENEFIT}**: Written by a leader in the field of information retrieval,
this text provides the background and tools needed to evaluate, compare and
modify search engines. **{KEY} {TOPICS}**: Coverage of the underlying {IR} and
mathematical models reinforce key concepts. Numerous programming exercises
make extensive use of Galago, a Java-based open source search engine.
**{MARKET}**: A valuable tool for search engine and information retrieval
professionals.},
    author = {Croft, Bruce and Metzler, Donald and Strohman, Trevor},
    citeulike-article-id = {4212975},
    citeulike-linkout-0 = {http://www.amazon.ca/exec/obidos/redirect?tag=citeulike09-20\&amp;path=ASIN/0136072240},
    citeulike-linkout-1 = {http://www.amazon.de/exec/obidos/redirect?tag=citeulike01-21\&amp;path=ASIN/0136072240},
    citeulike-linkout-2 = {http://www.amazon.fr/exec/obidos/redirect?tag=citeulike06-21\&amp;path=ASIN/0136072240},
    citeulike-linkout-3 = {http://www.amazon.jp/exec/obidos/ASIN/0136072240},
    citeulike-linkout-4 = {http://www.amazon.co.uk/exec/obidos/ASIN/0136072240/citeulike00-21},
    citeulike-linkout-5 = {http://www.amazon.com/exec/obidos/redirect?tag=citeulike07-20\&path=ASIN/0136072240},
    citeulike-linkout-6 = {http://www.worldcat.org/isbn/0136072240},
    citeulike-linkout-7 = {http://books.google.com/books?vid=ISBN0136072240},
    citeulike-linkout-8 = {http://www.amazon.com/gp/search?keywords=0136072240\&index=books\&linkCode=qs},
    citeulike-linkout-9 = {http://www.librarything.com/isbn/0136072240},
    day = {16},
    edition = {1},
    howpublished = {Hardcover},
    isbn = {0136072240},
    keywords = {teaching-search-engines},
    month = feb,
    posted-at = {2009-09-03 19:03:23},
    priority = {2},
    publisher = {Addison Wesley},
    title = {Search Engines: Information Retrieval in Practice},
    url = {http://www.worldcat.org/isbn/0136072240},
    year = {2009}
}